<?xml version="1.0" encoding="utf-8"?>
<record xmlns="http://www.loc.gov/MARC21/slim" xmlns:xsi="http://www.w3.org/2001/XMLSchema-instance" xsi:schemaLocation="http://www.loc.gov/MARC21/slim http://www.loc.gov/standards/marcxml/schema/MARC21slim.xsd">
	<leader>     nam a22     Mi 4500</leader>
	<controlfield tag="001">2842424</controlfield>
	<controlfield tag="003">NjP</controlfield>
	<controlfield tag="006">m        d        </controlfield>
	<controlfield tag="007">cr cn |||m|||a</controlfield>
	<controlfield tag="008">210310s1902    ti      o     000 0 ara d</controlfield>
	<datafield ind1=" " ind2=" " tag="040">
		<subfield code="a">ZYU</subfield>
		<subfield code="b">ara</subfield>
		<subfield code="e">rda</subfield>
		<subfield code="c">ZYU</subfield>
	</datafield>
	<datafield ind1="1" ind2=" " tag="100">
		<subfield code="6">880-01</subfield>
		<subfield code="a">Maqdīsh, Maḥmūd ibn Saʻīd,</subfield>
		<subfield code="d">1742-approximately 1818.</subfield>
	</datafield>
	<datafield ind1="1" ind2="0" tag="240">
		<subfield code="6">880-02</subfield>
		<subfield code="a">Ḥāshiyah ʻalá Sharḥ al-wusṭá</subfield>
	</datafield>
	<datafield ind1="1" ind2="0" tag="245">
		<subfield code="6">880-03</subfield>
		<subfield code="a">Hādhā Ḥāshiyat al-ʻālim al-ʻallāmah wa-al-qudwah al-fahhāmah ... Abī ʻAbd Allāh al-Shaykh Maḥmūd ibn Saʻīd Maqdīsh al-Ṣafāqusī ʻalá Sharḥ al-wusṭá. Wa-bi-hāmishihā al-sharḥ al-madhkūr /</subfield>
		<subfield code="c">lil-Imām Abī ʻAbd Allāh Muḥammad ibn Yūsuf al-Sanūsī al-Ḥusaynī al-Tilimsānī.</subfield>
	</datafield>
	<datafield ind1="3" ind2="0" tag="246">
		<subfield code="6">880-04</subfield>
		<subfield code="a">Ḥāshiyat al-ʻālim al-ʻallāmah wa-al-qudwah al-fahhāmah ... Abī ʻAbd Allāh al-Shaykh Maḥmūd ibn Saʻīd Maqdīsh al-Ṣafāqusī ʻalá Sharḥ al-wusṭá</subfield>
	</datafield>
	<datafield ind1="3" ind2="0" tag="246">
		<subfield code="6">880-05</subfield>
		<subfield code="a">Ḥāshiyat Abī ʻAbd Allāh Maḥmūd ibn Saʻīd Maqdīsh al-Ṣafāqusī ʻalá Sharḥ al-wusṭá</subfield>
	</datafield>
	<datafield ind1="1" ind2="4" tag="246">
		<subfield code="6">880-06</subfield>
		<subfield code="a">Ḥāshiyat al-ʻallāmah Abī al-Thanā al-Shaykh Sayyidī Maḥmūd Maqdīsh ʻalá Sharḥ al-wusṭá</subfield>
	</datafield>
	<datafield ind1=" " ind2=" " tag="260">
		<subfield code="6">880-07</subfield>
		<subfield code="a">Tūnis :</subfield>
		<subfield code="b">al-Maṭbaʻah al-Ḥajarīyah,</subfield>
		<subfield code="c">1320 [1902 or 1903]</subfield>
	</datafield>
	<datafield ind1=" " ind2=" " tag="300">
		<subfield code="a">online resource (volumes)</subfield>
	</datafield>
	<datafield ind1=" " ind2=" " tag="336">
		<subfield code="a">text</subfield>
		<subfield code="2">rdacontent</subfield>
	</datafield>
	<datafield ind1=" " ind2=" " tag="337">
		<subfield code="a">computer</subfield>
		<subfield code="2">rdamedia</subfield>
	</datafield>
	<datafield ind1=" " ind2=" " tag="338">
		<subfield code="a">online resource</subfield>
		<subfield code="2">rdacarrier</subfield>
	</datafield>
	<datafield ind1=" " ind2=" " tag="500">
		<subfield code="a">Part of the Arabic Collections Online (ACO) project, contributed by Princeton University Libraries.</subfield>
	</datafield>
	<datafield ind1=" " ind2=" " tag="533">
		<subfield code="a">Electronic reproduction.</subfield>
		<subfield code="b">New York, N.Y. :</subfield>
		<subfield code="c">New York University,</subfield>
		<subfield code="d">2021.</subfield>
		<subfield code="5">NNU</subfield>
	</datafield>
	<datafield ind1="1" ind2="0" tag="600">
		<subfield code="a">Sanūsī, Muḥammad ibn Yūsuf,</subfield>
		<subfield code="d">approximately 1427-approximately 1490.</subfield>
		<subfield code="t">Sharḥ al-wusṭá.</subfield>
	</datafield>
	<datafield ind1=" " ind2="7" tag="655">
		<subfield code="a">Lithographs</subfield>
		<subfield code="z">Tunisia</subfield>
		<subfield code="y">1902.</subfield>
		<subfield code="2">gmgpc</subfield>
	</datafield>
	<datafield ind1="1" ind2="2" tag="700">
		<subfield code="6">880-08</subfield>
		<subfield code="a">Sanūsī, Muḥammad ibn Yūsuf,</subfield>
		<subfield code="d">approximately 1427-approximately 1490.</subfield>
		<subfield code="t">Sharḥ al-wusṭá.</subfield>
	</datafield>
	<datafield ind1="2" ind2=" " tag="710">
		<subfield code="a">Princeton University.</subfield>
		<subfield code="b">Library.</subfield>
	</datafield>
	<datafield ind1="0" ind2=" " tag="730">
		<subfield code="a">Arabic Collections Online.</subfield>
	</datafield>
	<datafield ind1="0" ind2=" " tag="740">
		<subfield code="6">880-09</subfield>
		<subfield code="a">Sharḥ al-wusṭá.</subfield>
	</datafield>
	<datafield ind1="0" ind2="8" tag="776">
		<subfield code="i">Print version:</subfield>
		<subfield code="a">Maqdīsh, Maḥmūd ibn Saʻīd, 1742-approximately 1818.</subfield>
		<subfield code="t">Hādhā Ḥāshiyat al-ʻālim al-ʻallāmah wa-al-qudwah al-fahhāmah ... Abī ʻAbd Allāh al-Shaykh Maḥmūd ibn Saʻīd Maqdīsh al-Ṣafāqusī ʻalá Sharḥ al-wusṭá. Wa-bi-hāmishihā al-sharḥ al-madhkūr</subfield>
		<subfield code="w">(NjP)2842424</subfield>
		<subfield code="w">(OCoLC)83772315</subfield>
	</datafield>
	<datafield ind1="4" ind2="0" tag="856">
		<subfield code="u">http://hdl.handle.net/2333.1/547d86p8</subfield>
	</datafield>
	<datafield ind1="1" ind2=" " tag="880">
		<subfield code="6">100-01</subfield>
		<subfield code="a">مقديش، محمود بن سعيد،</subfield>
		<subfield code="d">1742-approximately 1818.</subfield>
	</datafield>
	<datafield ind1="1" ind2="0" tag="880">
		<subfield code="6">240-02</subfield>
		<subfield code="a">حاشية على شرح الوسطى</subfield>
	</datafield>
	<datafield ind1="1" ind2="0" tag="880">
		<subfield code="6">245-03</subfield>
		<subfield code="a">هذه حاشية العالم العلامة والقدوة الفهامة ... ابي عبد الله الشيخ محمود بن سعيد مقديش الصفاقسي على شرح الوسطى. وبهامشها الشرح المذكور /</subfield>
		<subfield code="c">للامام ابي عبد الله محمد بن يوسف السنوسي الحسيني التلمساني.</subfield>
	</datafield>
	<datafield ind1="3" ind2="0" tag="880">
		<subfield code="6">246-04</subfield>
		<subfield code="a">حاشية العالم العلامة والقدوة الفهامة ... ابي عبد الله الشيخ محمود بن سعيد مقديش الصفاقسي على شرح الوسطى</subfield>
	</datafield>
	<datafield ind1="3" ind2="0" tag="880">
		<subfield code="6">246-05</subfield>
		<subfield code="a">حاشية ابي عبد الله محمود بن سعيد مقديش الصفاقسي على شرح الوسطى</subfield>
	</datafield>
	<datafield ind1="1" ind2="4" tag="880">
		<subfield code="6">246-06</subfield>
		<subfield code="a">حاشية العلامة ابي الثنا الشيخ سيدي محمود مقديش على شرح الوسطى</subfield>
	</datafield>
	<datafield ind1=" " ind2=" " tag="880">
		<subfield code="6">260-07</subfield>
		<subfield code="a">تونس :</subfield>
		<subfield code="b">المطبعة الحجرية،</subfield>
		<subfield code="c">1320 [1902 or 1903]</subfield>
	</datafield>
	<datafield ind1="1" ind2="2" tag="880">
		<subfield code="6">700-08</subfield>
		<subfield code="a">سنوسي، محمد بن يوسف،</subfield>
		<subfield code="d">approximately 1427-approximately 1490.</subfield>
		<subfield code="t">شرح الوسطى.</subfield>
	</datafield>
	<datafield ind1="0" ind2=" " tag="880">
		<subfield code="6">740-09</subfield>
		<subfield code="a">شرح الوسطى.</subfield>
	</datafield>
	<datafield ind1=" " ind2=" " tag="959">
		<subfield code="a">NNU</subfield>
		<subfield code="b">WEB</subfield>
		<subfield code="c">GENI</subfield>
		<subfield code="t">0</subfield>
		<subfield code="m">Electronic access</subfield>
		<subfield code="s">01</subfield>
	</datafield>
	<datafield ind1=" " ind2=" " tag="999">
		<subfield code="i">NjP_2842424</subfield>
		<subfield code="o">(OCoLC)ocm83772315</subfield>
		<subfield code="s">princeton_aco004868:juz 1</subfield>
		<subfield code="e">(ERROR-MISC)</subfield>
		<subfield code="s">princeton_aco004868:juz 1</subfield>
	</datafield>
</record>
